<record><leader>00000cas a22000007a 4500</leader><controlfield tag="001">9328685</controlfield><controlfield tag="008">830321d18321833maucr ne      0    0eng d</controlfield><controlfield tag="009">3768</controlfield><datafield ind1=" " ind2=" " tag="010"><subfield code="a">sn 83020334 </subfield></datafield><datafield ind1=" " ind2=" " tag="040"><subfield code="a">NPX</subfield><subfield code="b">eng</subfield><subfield code="c">NPX</subfield><subfield code="d">NPU</subfield><subfield code="d">MGN</subfield></datafield><datafield ind1=" " ind2=" " tag="042"><subfield code="a">msc</subfield></datafield><datafield ind1="0" ind2=" " tag="130"><subfield code="a">Commercial advertiser (Salem, Mass.)</subfield></datafield><datafield ind1="0" ind2="0" tag="245"><subfield code="a">Commercial advertiser.</subfield></datafield><datafield ind1=" " ind2=" " tag="260"><subfield code="a">Salem, Mass. :</subfield><subfield code="b">E. Palfray &amp; J.K. Cook,</subfield><subfield code="c">1832-1833.</subfield></datafield><datafield ind1=" " ind2=" " tag="300"><subfield code="a">v. ;</subfield><subfield code="c">51 cm.</subfield></datafield><datafield ind1=" " ind2=" " tag="310"><subfield code="a">Semiweekly</subfield></datafield><datafield ind1="0" ind2=" " tag="362"><subfield code="a">Vol. 1, no. 1 (Apr. 4, 1832)-v. 1, no. 105 (Apr. 3, 1833).</subfield></datafield><datafield ind1=" " ind2=" " tag="500"><subfield code="a">Democratic. Cf. Felt, J.B.  Annals of Salem.</subfield></datafield><datafield ind1=" " ind2=" " tag="752"><subfield code="a">United States</subfield><subfield code="b">Massachusetts</subfield><subfield code="c">Essex</subfield><subfield code="d">Salem.</subfield></datafield><datafield ind1="0" ind2="0" tag="780"><subfield code="t">Essex Democrat (Lynn, Mass.)</subfield><subfield code="w">(DLC)sn 85033066</subfield></datafield><datafield ind1="0" ind2="0" tag="785"><subfield code="t">Commercial advertiser and Essex County journal</subfield><subfield code="w">(DLC)sn 83020335</subfield></datafield></record>